@book{prasolov,
  title={Elements of combinatorial and differential topology},
  author={Prasolov, Viktor Vasil'evich},
  volume={74},
  year={2022},
  publisher={American Mathematical Society}
}
@book{kdg_penskoi,
   title={Классическая дифференциальная геометрия},
    author={Пенской, Андрей Владимирович},
    year={2020},
    publisher={teach-in}
}
@book{aluffi,
  title={Algebra: chapter 0},
  author={Aluffi, Paolo},
  volume={104},
  year={2009},
  publisher={American Mathematical Soc.}
}
@book{belousov1967,
  title={Основы теории квазигрупп и луп},
  author={Белоусов, В.Д.},
  year={1967},
  publisher={Наука}
}
@book{rohlin_fuchs,
  title={Начальный курс топологии},
  author={Рохлин В.А. и Фукс Д.Б.},
  year={1977},
  publisher={Наука}
}
@book{fomenko_fuchs,
  title={Курс гомотопической топологии},
  author={Фоменко А.Т. и Фукс Д.Б.},
  year={1989},
  publisher={Наука}
}
@book{shcherbakov1972topological,
  title={Топологическая динамика и устойчивость по Пуассону решений дифференциальных уравнений},
  author={Shcherbakov, Boris Alekseevich},
  year={1972},
  publisher={Штиинца}
}
@article{bronstein1975extensions,
  title={Расширения минимальных групп преобразований},
  author={Bronstein, Idel Usherovich},
  year={1975},
  publisher={Штиинца}
}
@article{papamakarios2021normalizing,
  title={Normalizing flows for probabilistic modeling and inference},
  author={Papamakarios, George and Nalisnick, Eric and Rezende, Danilo Jimenez and Mohamed, Shakir and Lakshminarayanan, Balaji},
  journal={Journal of Machine Learning Research},
  volume={22},
  number={57},
  pages={1--64},
  year={2021}
}
@article{bronstein2021geometric,
  title={Geometric deep learning: Grids, groups, graphs, geodesics, and gauges},
  author={Bronstein, Michael M and Bruna, Joan and Cohen, Taco and Veli{\v{c}}kovi{\'c}, Petar},
  journal={arXiv preprint arXiv:2104.13478},
  year={2021}
}